@inproceedings{bay2006,
  title={SURF: Speeded Up Robust Features},
  author={Bay, Herbert and Tuytelaars, Tinnie and Van Gool, Luc},
  booktitle={European Conference on Computer Vision},
  year={2006}
}
